@article{einstein,
    author =       "Albert Einstein",
    title =        "{Zur Elektrodynamik bewegter K{\"o}rper}",
    journal =      "Annalen der Physik",
    volume =       "322",
    number =       "10",
    pages =        "891--921",
    year =         "1905",
    DOI =          "http://dx.doi.org/10.1002/andp.19053221004"
}

@book{latexcompanion,
    author    = "Michel Goossens and Frank Mittelbach and Alexander Samarin",
    title     = "The \LaTeX\ Companion",
    year      = "1993",
    publisher = "Addison-Wesley",
    address   = "Reading, Massachusetts"
}

@misc{knuthwebsite,
    author    = "Donald Knuth",
    title     = "Knuth: Computers and Typesetting",
    url       = "http://www-cs-faculty.stanford.edu/\~{}uno/abcde.html"
}
% ------------

@book{grafika,
    author    = "Cath Caldwellová a spol.",
    title     = "Grafický design pro každého",
    year      = "2020",
    publisher = "Euromedia Group",
    address   = "Praha"
}

@misc{svp,
    author    = "Mgr. Marcela Grabmüllerová",
    title     = "ŠVP GJK Per aspera ad astra!",
    url       = "https://sites.google.com/a/gjk.cz/svp/"
}

 @misc{ enwiki:1144176285,
    author = "{Wikipedia contributors}",
    title = "Color psychology --- {Wikipedia}{,} The Free Encyclopedia",
    year = "2023",
    url = "https://en.wikipedia.org/w/index.php?title=Color_psychology&oldid=1144176285",
    note = "[Online; accessed 20-March-2023]"
  }

@misc{hallock,
    author = "{Joe Hallock}",
    title = "Colour Assignment - By Joe Hallock",
    year = "2003",
    url = "http://www.joehallock.com/edu/COM498/index.html",
    note = "[Online; accessed 20-March-2023]"
  }

@article{color,
    author =       "Karen B. Schloss & Stephen E. Palmer",
    title =        "{Aesthetic response to color combinations: preference, harmony, and similarity.}",
    journal =      "Atten Percept Psychophys",
    volume =       "73",
    pages =        "551–571",
    year =         "2011",
    DOI =          "https://doi.org/10.3758/s13414-010-0027-0"
}
