@article{einstein,
    author =       "Albert Einstein",
    title =        "{Zur Elektrodynamik bewegter K{\"o}rper}",
    journal =      "Annalen der Physik",
    volume =       "322",
    number =       "10",
    pages =        "891--921",
    year =         "1905",
    DOI =          "http://dx.doi.org/10.1002/andp.19053221004"
}

@book{latexcompanion,
    author    = "Michel Goossens and Frank Mittelbach and Alexander Samarin",
    title     = "The \LaTeX\ Companion",
    year      = "1993",
    publisher = "Addison-Wesley",
    address   = "Reading, Massachusetts"
}

@misc{knuthwebsite,
    author    = "Donald Knuth",
    title     = "Knuth: Computers and Typesetting",
    url       = "http://www-cs-faculty.stanford.edu/\~{}uno/abcde.html"
}

https://www.trigama.eu/cs/blog/detail/Uvod-do-tvorby-korporatni-identity-aneb-zaklad-vizualni-komunikace

https://business.tutsplus.com/articles/how-to-create-your-own-brand-guidelines--cms-24901



sw:
https://www.adobe.com/creativecloud/business/teams/resources/how-to/brand-guide.html

https://www.canva.com/learn/your-brand-needs-a-visual-style-guide/





https://venngage.com/blog/brand-style-guide/

https://www.columnfivemedia.com/how-to-create-a-brand-style-guide/

https://blog.jirichlebus.cz/2021/07/21/15-tipu-pro-tvorbu-vyborneho-online-logo-manualu-nebo-grafickeho-pruvodce/

http://homepage.icard.cz/vytvoreni-logotypu-graficky-manual

https://business.tutsplus.com/articles/how-to-create-your-own-brand-guidelines--cms-24901

https://venngage.com/blog/brand-style-guide/

https://www.columnfivemedia.com/how-to-create-a-brand-style-guide/

https://www.adobe.com/creativecloud/business/teams/resources/how-to/brand-guide.html

https://design.tutsplus.com/tutorials/how-to-create-a-brand-guidelines-document-in-adobe-indesign--cms-24672



https://www.simonjun.cz/blog/co-je-to-moodboard-a-jak-ho-vytvorit

https://cisatrochu zkušeností a pracovat s Kritou, která je mnohem design.cz/logo-vs-logotyp/
https://daviesložitějsmediadesign.com/cs/inkscape-vs-gimp-which-one-should-you-use/
https://www.quora.com/How-would-you-compare-Inkscape-vs-Krita-Which-one-is-better-for-website-and-brand-design-including-logos